@misc{wiki,
  author = "Wikibooks",
  title = "LaTeX --- Wikibooks{,} The Free Textbook Project",
  year = "2020",
  url = "https://en.wikibooks.org/w/index.php?title=LaTeX",
  note = "[Online; accessed 7-May-2020]"
}

@misc{overleaf,
  author = "Overleaf",
  title = "Overleaf LaTeX Documentation",
  year = "2020",
  url = "https://www.overleaf.com/learn/latex/Main_Page",
  note = "[Online; accessed 18-Aug-2020]"
}

@misc{learnlatex,
  author = "The LaTeX Project",
  title = "learnlatex.org",
  year = "2020",
  url = "https://www.learnlatex.org/",
  note = "[Online; accessed 18-Aug-2020]"
}

@misc{texdoc,
  author = "Kottwitz, Stefan and Cereda, Paulo",
  title = "TeXdoc Online",
  year = "2020",
  url = "https://texdoc.net/",
  note = "[Online; accessed 18-Aug-2020]"
}
